%Look here for different bibtec styles like article, misc, phdthesis etc: https://verbosus.com/bibtex-style-examples.html?lang=de

@inproceedings{Butterworth1992,
 author = {Butterworth, Jeff and Davidson, Andrew and Hench, Stephen and Olano, Marc. T.},
 title = {{3DM: A Three Dimensional Modeler Using a Head-mounted Display}},
 booktitle = {Proceedings of the 1992 Symposium on Interactive 3D Graphics},
 series = {I3D '92},
 year = {1992},
 isbn = {0-89791-467-8},
 location = {Cambridge, Massachusetts, USA},
 pages = {135--138},
 numpages = {4},
 url = {http://doi.acm.org/10.1145/147156.147182},
 doi = {10.1145/147156.147182},
 acmid = {147182},
 publisher = {ACM},
 address = {New York, NY, USA},
} 

@inproceedings{Clark1976,
 author = {Clark, James H.},
 title = {{Designing Surfaces in 3-D}},
 booktitle = {Commun. ACM},
 issue_date = {Aug. 1976},
 volume = {19},
 month = aug,
 year = {1976},
 pages = {454--460},
 issn = {0001-0782},
 numpages = {7},
 url = {http://doi.acm.org/10.1145/360303.360329},
 doi = {10.1145/360303.360329},
 acmid = {360329},
 publisher = {ACM},
 address = {New York, NY, USA},
 keywords = {3-D displays, B-splines, computer-aided design, picture processing, real-time graphics},
}




